[gd_scene load_steps=16 format=2]

[ext_resource path="res://addons/top_down_roguelike_toolkit/model/Room.gd" type="Script" id=1]
[ext_resource path="res://addons/top_down_roguelike_toolkit/icon/icon_node_character.svg" type="Texture" id=2]
[ext_resource path="res://sfx/BackgroundEole.gd" type="Script" id=3]
[ext_resource path="res://sfx/Cloud.tscn" type="PackedScene" id=4]
[ext_resource path="res://tileset/Kenney/GroundTileSet.tres" type="TileSet" id=5]
[ext_resource path="res://core/Ground.gd" type="Script" id=6]
[ext_resource path="res://tileset/Kenney/FloorTileSet.tres" type="TileSet" id=7]
[ext_resource path="res://tileset/Kenney/FixturesTileSet.tres" type="TileSet" id=8]
[ext_resource path="res://tileset/Kenney/InvisibleWallsTileSet.tres" type="TileSet" id=9]
[ext_resource path="res://tileset/Kenney/InvisibleObstaclesTileSet.tres" type="TileSet" id=10]
[ext_resource path="res://addons/top_down_roguelike_toolkit/model/NodeTileMap.gd" type="Script" id=11]
[ext_resource path="res://spawner/WandererSpawner.tscn" type="PackedScene" id=12]

[sub_resource type="Animation" id=1]
resource_name = "CloudGeneration"
length = 10.0
loop = true
tracks/0/type = "method"
tracks/0/path = NodePath(".")
tracks/0/interp = 1
tracks/0/loop_wrap = true
tracks/0/imported = false
tracks/0/enabled = true
tracks/0/keys = {
"times": PoolRealArray( 0 ),
"transitions": PoolRealArray( 1 ),
"values": [ {
"args": [  ],
"method": "huff_puff_cloud"
} ]
}

[sub_resource type="Gradient" id=2]
colors = PoolColorArray( 0.0941176, 0.686275, 0.945098, 1, 0.184314, 0.439216, 0.882353, 1 )

[sub_resource type="GradientTexture" id=3]
gradient = SubResource( 2 )

[node name="Room" type="Node2D"]
script = ExtResource( 1 )
__meta__ = {
"_editor_icon": ExtResource( 2 )
}

[node name="Sky" type="Node2D" parent="."]
script = ExtResource( 3 )

[node name="AnimationPlayer" type="AnimationPlayer" parent="Sky"]
autoplay = "CloudGeneration"
anims/CloudGeneration = SubResource( 1 )

[node name="ColorGradient" type="Sprite" parent="Sky"]
scale = Vector2( 3, 5000 )
texture = SubResource( 3 )

[node name="CloudExample" parent="Sky" instance=ExtResource( 4 )]

[node name="Ground" type="TileMap" parent="."]
mode = 2
tile_set = ExtResource( 5 )
cell_size = Vector2( 64, 55 )
cell_custom_transform = Transform2D( 64, 0, 0, 55.426, -32, -27.713 )
cell_half_offset = 0
collision_layer = 16
collision_mask = 0
format = 1
script = ExtResource( 6 )
water_ripples_frequency = 5.0

[node name="Floor" type="TileMap" parent="."]
mode = 2
tile_set = ExtResource( 7 )
cell_size = Vector2( 64, 55 )
cell_custom_transform = Transform2D( 64, 0, 0, 55.426, -32, -27.713 )
cell_half_offset = 0
cell_y_sort = true
collision_layer = 0
collision_mask = 0
format = 1

[node name="Things" type="YSort" parent="."]

[node name="Fixtures" type="TileMap" parent="Things"]
mode = 2
tile_set = ExtResource( 8 )
cell_size = Vector2( 64, 55 )
cell_custom_transform = Transform2D( 64, 0, 0, 55.426, -32, -27.713 )
cell_half_offset = 0
cell_y_sort = true
collision_layer = 24
collision_mask = 0
format = 1

[node name="InvisibleWalls" type="TileMap" parent="."]
modulate = Color( 1, 1, 1, 0.501961 )
mode = 2
tile_set = ExtResource( 9 )
cell_size = Vector2( 64, 55 )
cell_custom_transform = Transform2D( 64, 0, 0, 55.426, -32, -27.713 )
cell_half_offset = 0
collision_layer = 4
collision_mask = 0
format = 1

[node name="InvisibleWalkingObstacles" type="TileMap" parent="."]
visible = false
modulate = Color( 1, 1, 1, 0.501961 )
mode = 2
tile_set = ExtResource( 10 )
cell_size = Vector2( 64, 55 )
cell_custom_transform = Transform2D( 64, 0, 0, 55.426, -32, -27.713 )
cell_half_offset = 0
collision_layer = 16
collision_mask = 0
format = 1

[node name="GreedSpawners" type="TileMap" parent="."]
modulate = Color( 1, 1, 1, 0.501961 )
mode = 2
tile_set = ExtResource( 7 )
cell_size = Vector2( 64, 55 )
cell_custom_transform = Transform2D( 64, 0, 0, 55.426, -32, -27.713 )
cell_half_offset = 0
cell_y_sort = true
collision_layer = 16
collision_mask = 0
format = 1
script = ExtResource( 11 )
__meta__ = {
"_editor_icon": ExtResource( 2 )
}
scene_to_instantiate = ExtResource( 12 )
nodes_container_name = "Things"
